
%
%  $Description: Sample bibliography$ 
%

@proceedings{sibgrapi2009,
  title     = {Sibgrapi 2009, Proceedings of the XXII Brazilian Symposium
               on Computer Graphics and Image Processing, Rio de Janeiro,
               Brazil, 11-14 October 2009},
  booktitle = {Sibgrapi},
  publisher = {IEEE Computer Society},
  year      = {2009},
  isbn      = {978-0-7695-3358-2},
}


